<record xmlns="http://www.loc.gov/MARC21/slim" xmlns:xsi="http://www.w3.org/2001/XMLSchema-instance" xsi:schemaLocation="http://www.loc.gov/MARC21/slim http://www.loc.gov/standards/marcxml/schema/MARC21slim.xsd"><leader>02035nam a2200433   4500</leader><controlfield tag="001">001686028</controlfield><controlfield tag="003">NNU</controlfield><controlfield tag="006">m        d        </controlfield><controlfield tag="007">cr cn |||m|||a</controlfield><controlfield tag="008">150223m19629999iq c    o     001 0 araxd</controlfield><datafield ind1=" " ind2=" " tag="040"><subfield code="a">NNU</subfield><subfield code="b">eng</subfield><subfield code="c">NNU</subfield></datafield><datafield ind1=" " ind2=" " tag="043"><subfield code="a">a-iq</subfield></datafield><datafield ind1=" " ind2="4" tag="050"><subfield code="a">PJ8037</subfield><subfield code="b">K5</subfield></datafield><datafield ind1=" " ind2=" " tag="066"><subfield code="c">(3</subfield></datafield><datafield ind1=" " ind2=" " tag="090"><subfield code="a">PJ8037</subfield><subfield code="b">.K5</subfield></datafield><datafield ind1="1" ind2=" " tag="100"><subfield code="6">880-01</subfield><subfield code="a">Kh&#257;q&#257;n&#299;, &#699;Al&#299;</subfield></datafield><datafield ind1="1" ind2="0" tag="245"><subfield code="6">880-02</subfield><subfield code="a">Shu&#699;ar&#257;&#700; Baghd&#257;d min ta&#700;s&#299;sih&#257; &#7717;att&#225; al-yawm</subfield><subfield code="h">[electronic resource] /</subfield><subfield code="c">bi-qalam &#699;Al&#299; al-Kh&#257;q&#257;n&#299;.</subfield></datafield><datafield ind1="1" ind2="5" tag="246"><subfield code="a">Poets of Baghdad from its foundation until today</subfield></datafield><datafield ind1=" " ind2=" " tag="260"><subfield code="6">880-03</subfield><subfield code="a">Baghd&#257;d :</subfield><subfield code="b">Ma&#7789;ba&#699;at As&#699;ad,</subfield><subfield code="c">1962-</subfield></datafield><datafield ind1=" " ind2=" " tag="300"><subfield code="a">online resource (v.) :</subfield><subfield code="b">port.</subfield></datafield><datafield ind1="1" ind2=" " tag="490"><subfield code="6">880-04</subfield><subfield code="a">Mansh&#363;r&#257;t D&#257;r al-Bay&#257;n ;</subfield><subfield code="v">31</subfield></datafield><datafield ind1=" " ind2=" " tag="500"><subfield code="a">Title on added t.p.: Shu&#699;ar&#257;&#700; Baghd&#257;d (Poets of Baghdad) from its foundation until today, by Ali Khaqani.</subfield></datafield><datafield ind1=" " ind2=" " tag="500"><subfield code="a">Includes indexes.</subfield></datafield><datafield ind1=" " ind2=" " tag="500"><subfield code="a">Part of the Arabic Collections Online (ACO) project, contributed by New York Univeristy Libraries.</subfield></datafield><datafield ind1=" " ind2=" " tag="533"><subfield code="a">Electronic reproduction.</subfield><subfield code="b">New York, N.Y. :</subfield><subfield code="c">New York University,</subfield><subfield code="d">2015.</subfield><subfield code="5">NNU</subfield></datafield><datafield ind1=" " ind2=" " tag="546"><subfield code="a">Added cover title in English.</subfield></datafield><datafield ind1=" " ind2="0" tag="650"><subfield code="a">Arabic poetry</subfield><subfield code="z">Iraq</subfield><subfield code="z">Baghdad</subfield><subfield code="x">History and criticism.</subfield></datafield><datafield ind1="2" ind2=" " tag="710"><subfield code="a">New York University.</subfield><subfield code="b">Libraries.</subfield></datafield><datafield ind1="0" ind2=" " tag="730"><subfield code="a">Arabic Collections Online.</subfield></datafield><datafield ind1="0" ind2="8" tag="776"><subfield code="i">Print version:</subfield><subfield code="a">Kh&#257;q&#257;n&#299;, &#699;Al&#299; 880-01</subfield><subfield code="t">Shu&#699;ar&#257;&#700; Baghd&#257;d min ta&#700;s&#299;sih&#257; &#7717;att&#225; al-yawm</subfield><subfield code="w">(NNU)001686028</subfield><subfield code="w">(DLC)ne 64002001</subfield></datafield><datafield ind1="4" ind2="0" tag="856"><subfield code="u">http://hdl.handle.net/2333.1/f1vhhpr6</subfield></datafield><datafield ind1="1" ind2=" " tag="880"><subfield code="6">100-01/</subfield><subfield code="a">&#1582;&#1575;&#1602;&#1575;&#1606;&#1610;&#1548; &#1593;&#1604;&#1610;.</subfield></datafield><datafield ind1="1" ind2="0" tag="880"><subfield code="6">245-02/</subfield><subfield code="a">&#1588;&#1593;&#1585;&#1575;&#1569; &#1576;&#1594;&#1583;&#1575;&#1583; &#1605;&#1606; &#1578;&#1571;&#1587;&#1610;&#1587;&#1607;&#1575; &#1581;&#1578;&#1609; &#1575;&#1604;&#1610;&#1608;&#1605; /</subfield><subfield code="c">&#1576;&#1602;&#1604;&#1605; &#1593;&#1604;&#1610; &#1575;&#1604;&#1582;&#1575;&#1602;&#1575;&#1606;&#1610;.</subfield></datafield><datafield ind1=" " ind2=" " tag="880"><subfield code="6">260-03/</subfield><subfield code="a">&#1576;&#1594;&#1583;&#1575;&#1583; :</subfield><subfield code="b">&#1605;&#1591;&#1576;&#1593;&#1577; &#1571;&#1587;&#1593;&#1583;&#1548;</subfield><subfield code="c">1962-</subfield></datafield><datafield ind1="1" ind2=" " tag="880"><subfield code="6">490-04/</subfield><subfield code="a">&#1605;&#1606;&#1588;&#1608;&#1585;&#1575;&#1578; &#1583;&#1575;&#1585; &#1575;&#1604;&#1576;&#1610;&#1575;&#1606; &#1563;</subfield><subfield code="v">31</subfield></datafield><datafield ind1=" " ind2="0" tag="830"><subfield code="6">880-05</subfield><subfield code="a">Mansh&#363;r&#257;t D&#257;r al-Bay&#257;n</subfield><subfield code="v">31.</subfield></datafield><datafield ind1=" " ind2="0" tag="880"><subfield code="6">830-05/</subfield><subfield code="a">&#1605;&#1606;&#1588;&#1608;&#1585;&#1575;&#1578; &#1583;&#1575;&#1585; &#1575;&#1604;&#1576;&#1610;&#1575;&#1606; &#1563;</subfield><subfield code="v">31</subfield></datafield><datafield ind1=" " ind2=" " tag="959"><subfield code="a">NNU</subfield><subfield code="b">WEB</subfield><subfield code="c">GENI</subfield><subfield code="t">0</subfield><subfield code="m">Electronic access</subfield><subfield code="s">01</subfield></datafield><datafield ind1=" " ind2=" " tag="999"><subfield code="i">NNU_001686028</subfield><subfield code="s">nyu_aco000130:v.1</subfield><subfield code="e">(ERROR-880)</subfield></datafield></record>